/Users/pel/Documents/library/bib.bib